<?xml version="1.0" encoding="UTF-8"?><collection xmlns="http://www.loc.gov/MARC21/slim"><record><leader>00370nam--2200133-i-4500</leader><controlfield tag="001">000038911</controlfield><controlfield tag="002">20161230</controlfield><controlfield tag="005">20161230201042</controlfield><controlfield tag="008">060222s1000------------r-----000-0-eng-d</controlfield><datafield ind1=" " ind2=" " tag="080"><subfield code="a">51:621.316.5.06.001.2</subfield></datafield><datafield ind1=" " ind2=" " tag="100"><subfield code="a">Reus, N</subfield></datafield><datafield ind1=" " ind2=" " tag="245"><subfield code="a">Tratarea simbolica a schemelor de comutatie</subfield></datafield><datafield ind1=" " ind2=" " tag="260"><subfield code="a">Bucuresti, Ed.Acad.Republicii Socialiste Romania, 1971, 270p</subfield></datafield><datafield ind1=" " ind2=" " tag="852"><subfield code="a">34480</subfield></datafield></record></collection>